% $Id: refs.bib,v 1.2 2003/03/26 14:47:49 kr Exp $

@misc{ GCC, 
    title = { GNU Compiler Collection},
    howpublished = { GNU Project, Free Software Foundation },
    url = { www.gnu.org/software/gcc }
}

@misc{ SFW, 
    title = { Sunfreeware -- Freeware for Solaris },
    howpublished = { Steven M. Christensen and Associates, Inc. },
    url = { www.sunfreeware.com }
}    

@misc{ SCS, 
    title = { Solaris Companion Software },
    howpublished = { Sun Microsystems, Inc. },
    url = { www.sun.com/software/solaris/freeware }
}

@misc{ SOE, 
    title = { Solaris 9 Operating System },
    howpublished = { Sun Microsystems, Inc. },
    url = { www.sun.com/software/solaris }
}    

@misc{ PAP,
    title = { Papillon -- Solaris Security Module },
    howpublished = { Konrad Rieck, Roqefellaz },
    url = { www.roqe.org/papillon } 
}

@misc{ OW, 
    title = { Openwall Linux Kernel Patches }, 
    howpublished = { Solar Designer, Openwall Project },
    url = { www.openwall.com/linux }
}

@misc{ HAP, 
    title = { HAP Linux Kernel Patches },
    howpublished = { Hank Leininger },
    url = { http://www.doutlets.com/downloadables/hap.phtml }
}

@misc{ TSOE,
    title = { Trusted Solaris Operating Environment },
    howpublished = { Sun Microsystems, Inc. },
    url = { www.sun.com/software/solaris/trustedsolaris }
}

@misc{ SCC,
    title = { Sun Studio Compilers and Tools },
    howpublished = { Sun Microsystems, Inc. },
    url = { developers.sun.com/prodtech/cc }
}

@misc {OBSD, 
    title = { OpenBSD SPARC and SPARC64 Port },
    howpublished = {OpenBSD Project},
    url = { www.openbsd.org }
}

@misc {SKP, 
    title = {Solaris Kernel Programming Presentation}, 
    howpublished = {Konrad Rieck, Job de Haas, HAL2001},
    url = { www.roqe.org/solkern/solkern.html }
}

@misc {OS, 
   title = { OpenSolaris },
   howpublished = {Sun Microsystems, Inc.},
   url = { www.opensolaris.org }
}